% My references

@Online{docOracleDB,
  title= {Database Administrator's Guide},
  url =          {https://docs.oracle.com/cd/E11882_01/server.112/e25494/toc.htm},
  hyphenation =     {english}
}

@Online{HrSchemaScript,
  title= {Source code for HR scheme},
  url =          {https://download.oracle.com/oll/tutorials/DBXETutorial/html/module2/les02_load_data_sql.htm},
  hyphenation =     {english}
}

@Online{MySqlDocumentation,
  title= {MySQL 8.0 Reference Manual},
  url =  {https://dev.mysql.com/doc/refman/8.0/en/signal.html},
  hyphenation =     {english}
}

@Online{PostgreSqlDocumentation,
  title= {Документация к PostgreSQL 13.2},
  url =  {https://postgrespro.ru/media/docs/postgresql/13/ru/postgres-A4.pdf},
  hyphenation =     {russian}
}

@Online{BestPracticePLSQL,
  title= {Best Practice PL/SQL},
  url =  {https://nyoug.org/Presentations/2006/200611_Steven_Feuerstein_Best_Practice_PLSQL/200611_Steven_Feuerstein_Best_Practice_PLSQL.pdf},
  hyphenation =     {english}
}

@Online{TSQLDocumentation,
  title= {Transact-SQL (T-SQL) Reference},
  url =  {https://docs.microsoft.com/en-us/sql/t-sql/language-elements/raiserror-transact-sql?view=sql-server-2017},
  hyphenation =     {english}
}

@Book{ferstein,
  title= {Oracle PL/SQL. Для профессионалов},
  author = {Фейерштейн С., Прибыл Б.},
  edition = {6},
  year = {2015},
  hyphenation =     {russian},
  location = {СПБ},
  publisher = {Питер},
  pagetotal = {1024}
}

@Book{kite,
  title= {Oracle для профессионалов},
  author = {Кайт Том},
  year = {2003},
  hyphenation =     {russian},
  location = {СПБ},
  publisher = {ДиаСофтЮП},
  pagetotal = {961}
}

@Book{pragmatic,
  title= {Прогаммист-прагматик. Путь от подмастерья к мастеру},
  author = {Хант Э., Томас Д.},
  year = {2007},
  hyphenation =     {russian},
  location = {СПБ},
  publisher = {Лори},
  pagetotal = {289}
}

@Online{utl-file,
  title= {UTL\_FILE Oracle documentation},
  url =          {https://docs.oracle.com/cd/B28359_01/appdev.111/b28419/u_file.htm#BABGGEDF},
  urldate =      {2020-19-12},
  hyphenation =     {english}
}

@Online{handling-errors,
  title= {Handling PL/SQL Errors},
  url =          {https://docs.oracle.com/cd/B28359_01/appdev.111/b28370/errors.htm#LNPLS007},
  urldate =      {2020-21-12},
  hyphenation =     {english}
}